<record><leader>00000cas a22000007a 4500</leader><controlfield tag="001">11396851</controlfield><controlfield tag="008">841117d18691874aruwr ne      0    0eng d</controlfield><datafield ind1=" " ind2=" " tag="010"><subfield code="a">sn 84027658 </subfield></datafield><datafield ind1=" " ind2=" " tag="040"><subfield code="a">NPU</subfield><subfield code="b">eng</subfield><subfield code="c">NPU</subfield><subfield code="d">ANU</subfield><subfield code="d">OCLCQ</subfield></datafield><datafield ind1=" " ind2=" " tag="042"><subfield code="a">msc</subfield></datafield><datafield ind1="0" ind2=" " tag="130"><subfield code="a">Arkansas statesman (Jacksonport, Ark.)</subfield></datafield><datafield ind1="1" ind2="0" tag="245"><subfield code="a">Arkansas statesman.</subfield></datafield><datafield ind1=" " ind2=" " tag="260"><subfield code="a">Jacksonport, Ark. :</subfield><subfield code="b">J.P. Fagin</subfield></datafield><datafield ind1=" " ind2=" " tag="300"><subfield code="a">v. ;</subfield><subfield code="c">63 cm.</subfield></datafield><datafield ind1=" " ind2=" " tag="310"><subfield code="a">Weekly</subfield></datafield><datafield ind1="1" ind2=" " tag="362"><subfield code="a">Began in 1869; ceased in 1874.</subfield></datafield><datafield ind1=" " ind2=" " tag="580"><subfield code="a">Continued by: Jacksonport dispatch (non-extant).</subfield></datafield><datafield ind1=" " ind2=" " tag="588"><subfield code="a">Description based on: Vol. 4, no. 26 (Mar. 8, 1873).</subfield></datafield><datafield ind1=" " ind2=" " tag="752"><subfield code="a">United States</subfield><subfield code="b">Arkansas</subfield><subfield code="c">Jackson</subfield><subfield code="d">Jacksonport.</subfield></datafield><datafield ind1="1" ind2="0" tag="785"><subfield code="t">Jacksonport dispatch</subfield></datafield></record>